@Article{ cfsr,
 title = {The {NCEP} Climate Forecast System Reanalysis},
 author = {Saha and Suranjana and Coauthors},
 journal = {Bull. Amer. Meteor. Soc.},
 volume = {91},
 number = {},
 pages = {1015--1057},
 numpages = {},
 year = {2010},
 month = {},
 doi = {10.1175/2010BAMS3001.1},
 publisher = {}
}

@inbook{solbog,
  Author = {Soteris A. Kalogirou},
  Title = {Solar Energy Engineering: Processes and Systems},
  Publisher = {Academic Press},
  Year = {2009},
  Pages = {49--117,469--516},
  ISBN = {0123745012}
}

@article{diffuse,
        Author = {D.T. Reindl and W.A. Beckman and J.A. Duffie},
        Journal = {Solar Energy},
        Number = {1},
        Pages = {1 - 7},
        Title = {Diffuse fraction correlations},
        Volume = {45},
        Year = {1990}}

@article{haydavies,
        Author = {D.T. Reindl and W.A. Beckman and J.A. Duffie},
        Journal = {Solar Energy},
        Number = {1},
        Pages = {9 - 17},
        Title = {Evaluation of hourly tilted surface radiation models},
        Volume = {45},
        Year = {1990}}

@article{electric,
        Author = {Matthew T. Boyd and Sanford A. Klein and Douglas T. Reindl and Brian P. Dougherty},
        Journal = {Journal of Solar Energy Engineering},
        Number = {2},
        Pages = {021005},
        Title = {Evaluation and Validation of Equivalent Circuit Photovoltaic Solar Cell Performance Models},
        Volume = {133},
        Year = {2011}}

@Proceedings{eurosun,
        Key = {Hans Georg Beyer, Gerd Heilscher and Stefan Bofinger},
        Organization = {Eurosun ({ISES} Europe Solar Congress)},
        Title = {A Robust Model for the MPP Performance of Different Types of PV-Modules Applied for the Performance Check of Grid Connected Systems},
	   Address = {Freiburg},
	   Month = {June},
        Year = {2004}}

@book{solarearth,
  Editor = {Viorel Badescu},
  Title = {Modeling Solar Radiation at the Earth's Surface: Recent Advances},
  Publisher = {Springer},
  Year = {2008},
  ISBN = {3540774548},
}

@book{psolarcells,
  Author = {Jenny Nelson},
  Title = {The Physics of Solar Cells (Properties of Semiconductor Materials)},
  Publisher = {Imperial College Press},
  Year = {2003},
  ISBN = {186094497}
}

@techreport{ISETreport,
        Author = {Stefan Bofinger and L\"{u}der von Bremen and Kaspar Knorr and
Katharina Lesch and Kurt Rohrig and Yves-Marie Saint-Drenan and Markus
Speckmann},
        Institution = {Institut f\"{u}r Solare Energieversorgungstechnik, ISET
e.V.},
        Month = {November},
        Title = {Raum-zeitliche Erzeugungsmuster von Wind- und Solarenergie in
der UCTE-Region un deren Einfluss auf elektrische Transportnetze},
        Year = {2008}}


@article{Kumar20052221,
title = "Estimation of global radiation using clearness index model for sizing
photovoltaic system",
journal = "Renewable Energy",
volume = "30",
number = "15",
pages = "2221 - 2233",
year = "2005",
note = "",
issn = "0960-1481",
doi = "10.1016/j.renene.2005.02.009",
url = "http://www.sciencedirect.com/science/article/pii/S0960148105000546",
author = "Ravinder Kumar and L. Umanand",
keywords = "Modelling",
keywords = "Solar",
keywords = "Insolation",
keywords = "PV"
}
